% Encoding: UTF-8
@misc{vscodeDOC,
  title     = {Visual Studio Code documentation},
  date      = {2025-03-15},
  url       = {https://lasergrbl.com},
  timestamp = {2025-03-15}
}

@misc{jsDOC,
  title     = {JavaScript documentation},
  date      = {2025-02-25},
  url       = {https://developer.mozilla.org/ru/docs/Web/JavaScript},
  timestamp = {2025-02-25}
}

@misc{dockerDocs,
  title     = {Docker Docs},
  date      = {2025-04-03},
  url       = {https://docs.docker.com/},
  timestamp = {2025-04-03}
}

@misc{nginxDocs,
  title     = {nginx: документация},
  date      = {2025-04-01},
  url       = {https://nginx.org/ru/docs/},
  timestamp = {2025-04-01}
}

@misc{nodejsDocs,
  title     = {Node.js documentation},
  date      = {2025-03-10},
  url       = {https://nodejs.org/docs/latest/api/},
  timestamp = {2025-03-10}
}

@misc{postgresqlDocs,
  title     = {PostgresSQL documentation},
  date      = {2025-03-28},
  url       = {https://www.postgresql.org/docs/},
  timestamp = {2025-03-28}
}

@misc{muiDocs,
  title     = {Material-UI documentation},
  date      = {2025-02-18},
  url       = {https://mui.com/},
  timestamp = {2025-02-18}
}

@misc{kafkaDocs,
  title     = {Kafka documentation},
  date      = {2025-04-18},
  url       = {https://kafka.apache.org/documentation/},
  timestamp = {2025-04-18}
}

@misc{kibanaDocs,
  title     = {Kibana documentation},
  date      = {2025-05-01},
  url       = {https://www.elastic.co/docs/get-started/the-stack},
  timestamp = {2025-05-01}
}

@misc{jwtDocs,
  title     = {JWT documentation},
  date      = {2025-04-12},
  url       = {https://jwt.io/introduction},
  timestamp = {2025-04-12}
}

@misc{sequalizeDocs,
  title     = {Sequalize documentation},
  date      = {2025-04-16},
  url       = {https://sequelize.org/docs/v6/getting-started/},
  timestamp = {2025-04-16}
}

@misc{wslDocs,
  title     = {WSL documentation},
  date      = {2025-05-06},
  url       = {https://learn.microsoft.com/en-us/windows/wsl/},
  timestamp = {2025-05-06}
}